@INPROCEEDINGS{sinfonia,
    author = {Marcos K. Aguilera and Arif Merchant and Mehul Shah and Alistair Veitch and Christos Karamanolis},
    title = {Sinfonia: a new paradigm for building scalable distributed systems},
    booktitle = {In SOSP},
    year = {2007},
    pages = {159--174},
    publisher = {ACM}
}

@book{vaca,
 author = {Ramakrishnan, Raghu and Gehrke, Johannes},
 title = {Database Management Systems},
 year = {2000},
 isbn = {0072440422},
 edition = {2nd},
 publisher = {Osborne/McGraw-Hill},
 address = {Berkeley, CA, USA},
} 

@book{garcia-molina,
 author = {Garcia-Molina, Hector and Ullman, Jeffrey D. and Widom, Jennifer},
 title = {Database Systems: The Complete Book},
 year = {2008},
 isbn = {9780131873254},
 edition = {2},
 publisher = {Prentice Hall Press},
 address = {Upper Saddle River, NJ, USA},
} 

@book{tanenbaum,
 author = {Andrew S. Tanenbaum and Maarten van Steen},
 title = {Distributed Systems: Principles and Paradigms (2nd Edition)},
 year = {2006},
 isbn = {0132392275},
 publisher = {Prentice-Hall, Inc.},
 address = {Upper Saddle River, NJ, USA},
} 

@book{distributed_computing,
  author = {Hagit Attiya and Jennifer Welch},
  title = {Distributed Computing: Fundamentals, Simulations and Advanced Topics (2nd edition)},
  publisher = {John Wiley Interscience},
  year = {2004},
  month = {March},
  isbn = {0-471-453242}
}

@book{scala,
 author = {Odersky, Martin and Spoon, Lex and Venners, Bill},
 title = {Programming in Scala: A Comprehensive Step-by-step Guide},
 year = {2008},
 isbn = {0981531601, 9780981531601},
 edition = {1st},
 publisher = {Artima Incorporation},
 address = {USA},
} 